@INBOOK
{
	UNIX,
	author="Вахалия Ю.",
	title="UNIX изнутри",
	publisher="СПб.: Питер, 2003. 844 c."
}

@INBOOK
{
	WINDOWS,
	author="Руссинович М., Соломон Д., Ионеску А., Йосифович П.",
	title="Внутреннее устройство Windows. ",
	publisher=" 7-е изд. СПб.: Питер, 2018. 944 c."
}